@article{Chen:2021,
	doi = {10.1561/2200000079},
	url = {https://doi.org/10.1561%2F2200000079},
   year = 2021,
	publisher = {Now Publishers},
	volume = {14},
	number = {5},
	pages = {566--806},
	author = {Yuxin Chen and Yuejie Chi and Jianqing Fan and Cong Ma},
	title = {Spectral Methods for Data Science: A Statistical Perspective},
	journal = {Foundations and Trends{\textregistered} in Machine Learning}
}

@book{vershynin:2018,
  title={High-dimensional probability: An introduction with applications in data science},
  author={Vershynin, Roman},
  volume={47},
  year={2018},
  publisher={Cambridge university press}
}